<?xml version="1.0" encoding="UTF-8"?><record xmlns="http://www.loc.gov/MARC21/slim" xmlns:cinclude="http://apache.org/cocoon/include/1.0" xmlns:zs="http://www.loc.gov/zing/srw/">
  <leader>00380nz  a2200121n  4500</leader>
  <controlfield tag="001">n 2011030399</controlfield>
  <controlfield tag="003">DLC</controlfield>
  <controlfield tag="005">20110506095649.0</controlfield>
  <controlfield tag="008">110505n| acannaabn          |n aaa      </controlfield>
  <datafield tag="010" ind1=" " ind2=" ">
    <subfield code="a">n 2011030399</subfield>
  </datafield>
  <datafield tag="040" ind1=" " ind2=" ">
    <subfield code="a">DLC</subfield>
    <subfield code="b">eng</subfield>
    <subfield code="c">DLC</subfield>
  </datafield>
  <datafield tag="100" ind1="1" ind2=" ">
    <subfield code="a">Egbe, Peter Abumhenre</subfield>
  </datafield>
  <datafield tag="670" ind1=" " ind2=" ">
    <subfield code="a">Harmony, 2008:</subfield>
    <subfield code="b">t.p. (Peter Abumhenre Egbe) p. v. (Priest, from Nigeria; Ph.D. in philosophy from Lateran University)</subfield>
  </datafield>
</record>